@book{bessant,
  title={Innovation and Entrepreneurship},
  author={Bessant, J. and Tidd, J.},
  isbn={9780470711446},
  lccn={2010054182},
  url={http://books.google.no/books?id=u\_9-Yl2j0gEC},
  year={2011},
  publisher={Wiley}
}

@book{osterwalder,
  title={Business Model Generation: A Handbook for Visionaries, Game Changers, and Challengers},
  author={Osterwalder, A. and Pigneur, Y.},
  isbn={9781118656402},
  url={https://books.google.no/books?id=L3TnC7ZAWAsC},
  year={2013},
  publisher={Wiley}
}

@book{innovasjon.norge,
  title={Forretningsplan for (bedriftens navn)},
  author={Gjertrud Halsvik},
  publisher={Innovasjon Norge},
  note={Kopi fra fagl√¶rer},
}

@misc{wiki:business.plan,
   author = "Wikipedia",
   title = {{Business plan --- Wikipedia{,} The Free Encyclopedia}},
   year = "2015",
   url = "\url{http://en.wikipedia.org/w/index.php?title=Business_plan&oldid=647833347}",
   note = "[Online; accessed 1-March-2015]"
 }
